<?xml version="1.0" encoding="UTF-8"?><record xmlns="http://www.loc.gov/MARC21/slim" xmlns:cinclude="http://apache.org/cocoon/include/1.0" xmlns:zs="http://www.loc.gov/zing/srw/">
  <leader>00420cz  a2200121n  4500</leader>
  <controlfield tag="001">n 2012075913</controlfield>
  <controlfield tag="003">DLC</controlfield>
  <controlfield tag="005">20140428091444.0</controlfield>
  <controlfield tag="008">121207n| azannaabn          |n aaa      </controlfield>
  <datafield tag="010" ind1=" " ind2=" ">
    <subfield code="a">n 2012075913</subfield>
  </datafield>
  <datafield tag="040" ind1=" " ind2=" ">
    <subfield code="a">DLC</subfield>
    <subfield code="b">eng</subfield>
    <subfield code="c">DLC</subfield>
    <subfield code="e">rda</subfield>
  </datafield>
  <datafield tag="100" ind1="1" ind2=" ">
    <subfield code="a">Frentzos, Christos G.</subfield>
  </datafield>
  <datafield tag="670" ind1=" " ind2=" ">
    <subfield code="a">The Routledge handbook of American military and diplomatic history 1865 to the present, 2013:</subfield>
    <subfield code="b">ECIP t.p. (Christos Frentzos) t.p. (Christos G. Frentzos)</subfield>
  </datafield>
</record>